@misc{architektur-vorlage,
	title = {Architektur-Vorlage},
	date = {05.04.2016},
}
